@ARTICLE{art1,
  author={Bernstein, A. J.},
  journal={IEEE Transactions on Electronic Computers}, 
  title={Analysis of Programs for Parallel Processing}, 
  year={1966},
  volume={EC-15},
  number={5},
  pages={757-763},
  doi={10.1109/PGEC.1966.264565}}

@book{daryaee2014sasanian,
  title={Sasanian Persia: The Rise and Fall of an Empire},
  author={Daryaee, T.},
  isbn={9780857737229},
  url={https://books.google.com/books?id=DxOJDwAAQBAJ},
  year={2014},
  publisher={Bloomsbury Publishing}
}
