@book{carroll2007introduction,
  title={An Introduction to Modern Astrophysics},
  author={Carroll, B.W. and Ostlie, D.A.},
  isbn={9780805304022},
  lccn={2006015391},
  url={https://books.google.com/books?id=M8wPAQAAMAAJ},
  year={2007},
  publisher={Pearson Addison-Wesley}
}

@book{leblanc2011introduction,
  title={An Introduction to Stellar Astrophysics},
  author={LeBlanc, F.},
  isbn={9781119964971},
  url={https://books.google.hn/books?id=jAe4P3GIZRoC},
  year={2011},
  publisher={Wiley}
}

@book{chandrasekhar1957introduction,
  title={An Introduction to the Study of Stellar Structure},
  author={Chandrasekhar, S. and Chandrasekhar, S.},
  isbn={9780486604138},
  lccn={58000162},
  series={Astrophysical monographs},
  url={https://books.google.com/books?id=VwPLAgAAQBAJ},
  year={1957},
  publisher={Dover Publications}
}

@book{birney2006observational,
  title={Observational Astronomy},
  author={Birney, D.S. and Gonzalez, G. and Oesper, D.},
  isbn={9780521853705},
  lccn={2006008744},
  url={https://books.google.com/books?id=cc9L8QWcZWsC},
  year={2006},
  publisher={Cambridge University Press}
}
